@DocuShare{LSE-80,
  author =       {Jacques Sebag, Martin Nordby and Brian Selvy},
  title =        "{Mechanical, Thermal and Access Interface Requirements between the Camera and the Telescope}",
  year =         2019,
  month =        oct,
  handle =       {LSE-80},
}
@DocuShare{LTS-103,
  author =       {Jacques Sebag, Martin Nordby and Brian Selvy},
  title =        "{Mechanical, Thermal and Access Interface Requirements between the Camera and the Telescope}",
  year =         2019,
  month =        oct,
  handle =       {LTS-103},
}
@DocuShare{LTS-218,
  author =       {Jacques Sebag, Martin Nordby and Brian Selvy},
  title =        "{Mechanical, Thermal and Access Interface Requirements between the Camera and the Telescope}",
  year =         2019,
  month =        oct,
  handle =       {LTS-218},
}
@DocuShare{LTS-156,
  author =       {Jacques Sebag, Martin Nordby and Brian Selvy},
  title =        "{Mechanical, Thermal and Access Interface Requirements between the Camera and the Telescope}",
  year =         2019,
  month =        oct,
  handle =       {LTS-156},
}
@DocuShare{LCA-14056,
  author =       {Jacques Sebag, Martin Nordby and Brian Selvy},
  title =        "{Mechanical, Thermal and Access Interface Requirements between the Camera and the Telescope}",
  year =         2019,
  month =        oct,
  handle =       {LCA-14056},
}
@DocuShare{LCA-17138,
  author =       {Jacques Sebag, Martin Nordby and Brian Selvy},
  title =        "{Mechanical, Thermal and Access Interface Requirements between the Camera and the Telescope}",
  year =         2019,
  month =        oct,
  handle =       {LCA-17138},
}
@DocuShare{LCA-17131,
  author =       {Jacques Sebag, Martin Nordby and Brian Selvy},
  title =        "{Mechanical, Thermal and Access Interface Requirements between the Camera and the Telescope}",
  year =         2019,
  month =        oct,
  handle =       {LCA-17131},
}
